@article{nugent2022privacy,
  title={Privacy-Preserving Credit Card Fraud Detection using Homomorphic Encryption},
  author={Nugent, David},
  journal={arXiv preprint arXiv:2211.06675},
  year={2022}
}

@inproceedings{cheon2017homomorphic,
  title={Homomorphic encryption for arithmetic of approximate numbers},
  author={Cheon, Jung Hee and Kim, Andrey and Kim, Miran and Song, Yongsoo},
  booktitle={Advances in Cryptology--ASIACRYPT 2017: 23rd International Conference on the Theory and Applications of Cryptology and Information Security, Hong Kong, China, December 3-7, 2017, Proceedings, Part I 23},
  pages={409--437},
  year={2017},
  organization={Springer}
}

